@BOOK{DiccLarousse,
   author = {{Compta, Víctor} y otros},
   publisher = {Larousse Planeta, S.A.},
   title = {Diccionario El pequeño Larousse Ilustrado},
   year = {1997}
}
@BOOK{DiccTecCom,
   author = {{Held, Gilbert}},
   publisher = {Paraninfo},
   title = {Diccionario de tecnología de las comunicaciones},
   year = {1997}
}
@BOOK{Tanenbaum,
   author = {{Tanenbaum, Andrew S.}},
   publisher = {Pearson, Prentice Hall},
   title = {Redes de computadoras, Cuarta edición},
   year = {2003}
}
@BOOK{DiccEncTec,
   author = {{Martínez-Val, José Mª}},
   publisher = {Editorial Síntesis},
   title = {Diccionario Enciclopédico de Tecnología},
   year = {2000}
}
@BOOK{Turing,
   author = {{O'Connor, John} y {Robertson, Edmund F.}},
   publisher = {MacTutor History of Mathematics archive},
   title = {Biografía de Alan Mathison Turing}
}
@BOOK{OxfordReference,
   publisher = {Oxford University Press},
   title = {The Oxford Companion to Philosophy},
   year={2005}
}
@BOOK{Ensamblador,
   author = {{Jones, D.S.}},
   publisher = {Oxford Science Publications},
   title = {80x86 Assembly Programming},
   year={1991}
}
@BOOK{LinuxKernel,
   author = {Sánchez, Fernando} # {Arango, Rocío},
   publisher = {Prentice Hall},
   title = {El Kernel 2.4 de Linux},
   year={2002}
}
@BOOK{CommYRedes,
   author = {{Stallings, William}},
   publisher = {Pearson Prentice Hall},
   title = {Communicaciones y Redes de Computadores},
   year={2004}
}
@BOOK{TCPIllustrated,
   author = {{Stevens, W. Richard}},
   publisher = {Addison-Wesley Publishing Company},
   title = {TCP/IP Illustrated, Volume 1},
   year={1994}
}
@BOOK{SistemasOperativos,
   author = {{Carretero Pérez, Jesús}, {García Carballeira, Félix}},
   publisher = {Mc Graw Hill},
   title = {Sistemas Operativos, Una visión aplicada},
   year={2007}
}
@BOOK{JavaRMI,
   author = {{Grosso, William}},
   publisher = {O'Reilly},
   title = {Java RMI},
   year={2002}
}
@BOOK{Corba,
   author = {{Henning, Michi} y {Vinoski, Steve}},
   publisher = {Addison Wesley},
   title = {Programación Avanzada en CORBA con C++},
   year={2001}
}
@BOOK{dotNet,
   author = {{Chapman, Davis}},
   publisher = {Sams},
   title = {Visual C++ .NET},
   year={2001}
}
@BOOK{java2,
   author = {{Sánchez Allende, Jesús}, {Huecas Fernández-Toribio, Gabriel}},
   publisher = {McGraw-Hill},
   title = {Java 2},
   year={2005}
}
@ARTICLE{esa,
   title = {Guide to applying the ESA software engineering standards to small software projects},
   journal = {ESA Board for Software Standardisation and Control},
   month = {Mayo},
   year = {1996},
   note = {Documentos BSSC(96)2 Issue 1 y ESA PSS-05-0 Issue 2}
}

@ARTICLE{sqlite,
   journal = {sqlite.org},
   title = {SQLite Official Documentation},
   note = {Consultado el 19 de Septiembre de 2011. \\ \texttt{http://www.sqlite.org/arch.html}}
   URL = {http://www.sqlite.org/arch.html}
}

@ARTICLE{tresg,
   journal = {ADSL Zone},
   title = {Velocidad del 3G por comunidades},
   note = {Consultado el 26 de Septiembre de 2011. \\ \texttt{http://www.adslzone.net/estudio-velocidad-bandaancha-movil-3g.html}}
   URL = {http://www.adslzone.net/estudio-velocidad-bandaancha-movil-3g.html}
}

@ARTICLE{NuevasRedes,
   author = {{Huitema, Christian}},
   title = {Challenges of the next generation networks},
   journal = {Keynote for Internet'99},
   month = {Octubre},
   year = {1999},
   note = {Consultado el 13 de Septiembre de 2011.\\ \texttt{http://huitema.net/papers/challenges/challenges99.html}}
   URL = {http://huitema.net/papers/challenges/challenges99.html}
}

@ARTICLE{CloudComputing,
   author = {{Bernstein, David}, {Ludvigson, Erik}},
   title = {Protocols and Formats for Cloud Computing Interoperability},
   journal = {Computer.org},
   month = {Mayo},
   year = {2009},
   note = {Consultado el 11 de Septiembre de 2011. \\ \texttt{http://www.computer.org/portal/web/csdl/doi?doc=doi/10.1109/ICIW.2009.55}}
   URL = {http://www.computer.org/portal/web/csdl/doi?doc=doi/10.1109/ICIW.2009.55}
}

@BOOK{WDatabase,
   author = {{Codd, E.F.}},
   publisher = {ACM},
   title = {A Relational Model of Data for Large Shared Data Banks},
   year = {1970}
}

@BOOK{DAD,
   author = {{Expósito Singh, David}},
   year = {2010},
   publisher = {Grupo ARCOS, Universidad Carlos III de Madrid},
   title = {Curso de Desarrollo de Aplicaciones Distribuidas}
}

@BOOK{JavaNIO,
   author = {{Hitchens, Ron}},
   year = {2002},
   publisher = {O'Reilly Media},
   title = {JavaNIO}
}

@ARTICLE{Javaiovsnio,
   journal = {Geekomatic},
   title = {Real world performance metrics: java.io vs. java.nio},
   note = {Consultado el 24 de Septiembre de 2011. \\ \texttt{http://geekomatic.ch/2009/01/16/1232134440000.html}},
   URL = {http://geekomatic.ch/2009/01/16/1232134440000.html}
}

@ARTICLE{amazon,
   journal = {Amazon Elastic Compute Cloud},
   title = {Características del servicio Amazon EC2},
   note = {Consultado el 15 de Septiembre de 2011. \\ \texttt{http://aws.amazon.com/es/ec2/}},
   URL = {http://aws.amazon.com/es/ec2/}
}


@ARTICLE{vmware,
   title = {Documentación de VMWare},
   journal = {VMWare},
   note = {Consultado el 20 de Septiembre de 2011. \\ \texttt{http://www.vmware.com/es/virtualization/virtualization-basics/what-is-virtualization.html}}
   URL = {http://www.vmware.com/es/virtualization/virtualization-basics/what-is-virtualization.html}
}

@MISC{Alegsa,
   title = {Diccionario de informática Alegsa},
   note = {Consultado el 11 de Septiembre de 2011. \\ \texttt{http://www.alegsa.com.ar/Dic/}}
   URL = {http://www.alegsa.com.ar/Dic/}
}

@MISC{IEEEhistoria,
   title = {IEEE History Center},
   note = {Consultado el 9 de Septiembre de 2011. \\ \texttt{http://www.ieee.org/about/history\_center/index.html}}
   URL = {http://www.ieee.org/about/history_center/index.html}
}
@ARTICLE{OxfordReference,
   URL = {http://www.oxfordreference.com/},
   journal = {Oxford University Press},
   note = {Consultado el 9 de Septiembre de 2011, \texttt{http://www.oxfordreference.com/}},
   title = {The Oxford Companion to Philosophy}
}

@ARTICLE{openNebula,
   URL = {http://www.opennebula.org/documentation:knowledge},
   journal = {OpenNebula.org},
   note = {Consultado el 19 de Septiembre de 2011. \\ \texttt{http://www.opennebula.org/documentation:knowledge}},
   title = {OpenNebula Documentation}
}

@CONFERENCE{CloudComputingConference,
   title = {Infraestructuras Orientadas a Servicio en la Nube},
   author = {Jordi Guijarro Olivares},
   note = {Consultado el 11 de Septiembre de 2011. \\ \texttt{http://www.rediris.es/difusion/publicaciones/boletin/88-89/Ponencia4.C.pdf}},
   URL = {http://www.rediris.es/difusion/publicaciones/boletin/88-89/Ponencia4.C.pdf}
}

@CONFERENCE{startups,
   title = {Tecnología y Starups},
   author = {Joan Carles Bastida},
   note = {Consultado el 12 de Septiembre de 2011. \\ \texttt{http://www.bcntalks.com/uncategorized-es/tecnologia-y-start-up/}},
   URL = {http://www.bcntalks.com/uncategorized-es/tecnologia-y-start-up/}
}



